@article{sirunyan2019Hinv,

  title={Search for invisible decays of a Higgs boson produced through vector boson fusion in proton-proton collisions at s= 13 $\MakeUppercase{T}$eV},
  author={Sirunyan, Albert M and Tumasyan, Armen and Adam, Wolfgang and Ambrogi, Federico and Asilar, Ece and Bergauer, Thomas and Brandstetter, Johannes and Dragicevic, Marko and Er{\"o}, Janos and Del Valle, A Escalante and others},
  journal={Physics Letters B},
  volume={793},
  pages={520--551},
  year={2019},
  publisher={Elsevier}
}

@article{nishiwaki2014tth,
  title={t$\bar{t}$$\MakeUppercase{H}$ anomalous coupling in double Higgs production},
  author={Nishiwaki, Kenji and Niyogi, Saurabh and Shivaji, Ambresh},
  journal={Journal of High Energy Physics},
  volume={2014},
  number={4},
  pages={11},
  year={2014},
  publisher={Springer}
}

@article{sirunyan2018search,
  title={Search for t$\bar{t}$$\MakeUppercase{H}$ production in the all-jet final state in proton-proton collisions at $\sqrt{s}$ = 13 $\MakeUppercase{T}$e$\MakeUppercase{V}$},
  author={Sirunyan, AM and Kapoor, A and Dube, S and Hedge, V and Kothekar, K and Chauhan, S and Pandey, S and Sharma, S and Rane, A and CMS Collaboration and others},
  year={2018},
  publisher={Springer Verlag}
}


@article{sirunyan2019search,
  title={Search for associated production of a Higgs boson and a single top quark in proton-proton collisions at $\sqrt{s}$ = 13 $\Makeuppercase{T}$e$\MakeUppercase{V}$},
  author={Sirunyan, Albert M and Tumasyan, Armen and Adam, Wolfgang and Ambrogi, Federico and Asilar, Ece and Bergauer, Thomas and Brandstetter, Johannes and Dragicevic, Marko and Er{\"o}, Janos and Del Valle, A Escalante and others},
  journal={Physical Review D},
  volume={99},
  number={9},
  pages={092005},
  year={2019},
  publisher={APS}
}


@article{choudhury2019search,
  title={Search for associated production of a Higgs boson and a single top quark in proton-proton collisions at $\sqrt{s}$ = 13 $\MakeUppercase{T}$e$\MakeUppercase{V}$},
  author={Choudhury, S and Komaragiri, JR},
  journal={Physical Review D},
  volume={99},
  number={9},
  year={2019},
  publisher={Physical Review D}
}


@article{cms2018combined,
  title={Combined measurements of Higgs boson couplings in proton-proton collisions at $$\backslash$sqrt $\{$s$\}$= $13 TeV},
  author={CMS collaboration and others},
  journal={arXiv preprint arXiv:1809.10733},
  year={2018}
}

@article{cms2018search,
  title={Search for $$\backslash$mathrm $\{$t$\backslash$overline $\{$t$\}$$\}$ $ H production in the H $$\backslash$rightarrow $$$\backslash$mathrm $\{$b$\backslash$overline $\{$b$\}$$\}$ $ decay channel with leptonic $$\backslash$mathrm $\{$t$\backslash$overline $\{$t$\}$$\}$ $ decays in proton-proton collisions at $$\backslash$sqrt $\{$s$\}$= $13 TeV},
  author={CMS Collaboration and others},
  journal={arXiv preprint arXiv:1804.03682},
  year={2018}
}

@article{cms2018observation,
  title={Observation of $$\backslash$mathrm $\{$t$\backslash$overline $\{$t$\}$$\}$ $ H production},
  author={CMS collaboration and others},
  journal={arXiv preprint arXiv:1804.02610},
  year={2018}
}

@article{Khachatryan_2016,
   title={Search for the associated production of a Higgs boson with a single top quark in proton-proton collisions at $ \sqrt{s}$ = 8 $\MakeUppercase{T}$e$\MakeUppercase{V}$},
   volume={2016},
   ISSN={1029-8479},
   url={http://dx.doi.org/10.1007/JHEP06(2016)177},
   DOI={10.1007/jhep06(2016)177},
   number={6},
   journal={Journal of High Energy Physics},
   publisher={Springer Science and Business Media LLC},
   author={Khachatryan, V. and Sirunyan, A. M. and Tumasyan, A. and Adam, W. and Asilar, E. and Bergauer, T. and Brandstetter, J. and Brondolin, E. and Dragicevic, M. and et al.},
   year={2016},
   month={Jun}
}


@article{Aad_2016,
   title={Measurements of the $\MakeUppercase{H}$iggs boson production and decay rates and constraints on its couplings from a combined $\Makeuppercase{ATLAS}$ and $\MakeUppercase{CMS}$ analysis of the $\MakeUppercase{LHC}$ pp collision data at $ \sqrt{s}$ = 7 and 8 $\MakeUppercase{T}$e$\MakeUppercase{V}$},
   volume={2016},
   ISSN={1029-8479},
   url={http://dx.doi.org/10.1007/JHEP08(2016)045},
   DOI={10.1007/jhep08(2016)045},
   number={8},
   journal={Journal of High Energy Physics},
   publisher={Springer Nature},
   author={Aad, G. and Abbott, B. and Abdallah, J. and Abdinov, O. and Abeloos, B. and Aben, R. and AbouZeid, O. S. and Abraham, N. L. and Abramowicz, H. and et al.},
   year={2016},
   month={Aug}
}

%@article{Reece:2012gi,
      author         = "Reece, Matthew",
      title          = "{Vacuum Instabilities with a Wrong-Sign Higgs-Gluon-Gluon
                        Amplitude}",
      journal        = "New J. Phys.",
      volume         = "15",
      year           = "2013",
      pages          = "043003",
      doi            = "10.1088/1367-2630/15/4/043003",
      eprint         = "1208.1765",
      archivePrefix  = "arXiv",
      primaryClass   = "hep-ph",
      SLACcitation   = "%%CITATION = ARXIV:1208.1765;%%"
}

@article{Aad:2012tfa,
      author         = "Aad, Georges and others",
      title          = "{Observation of a new particle in the search for the
                        Standard Model Higgs boson with the ATLAS detector at the
                        LHC}",
      collaboration  = "ATLAS",
      journal        = "Phys. Lett.",
      volume         = "B716",
      year           = "2012",
      pages          = "1-29",
      doi            = "10.1016/j.physletb.2012.08.020",
      eprint         = "1207.7214",
      archivePrefix  = "arXiv",
      primaryClass   = "hep-ex",
      reportNumber   = "CERN-PH-EP-2012-218",
      SLACcitation   = "%%CITATION = ARXIV:1207.7214;%%"
}


@article{Chatrchyan:2012xdj,
      author         = "Chatrchyan, Serguei and others",
      title          = "{Observation of a New Boson at a Mass of 125 GeV with the
                        CMS Experiment at the LHC}",
      collaboration  = "CMS",
      journal        = "Phys. Lett.",
      volume         = "B716",
      year           = "2012",
      pages          = "30-61",
      doi            = "10.1016/j.physletb.2012.08.021",
      eprint         = "1207.7235",
      archivePrefix  = "arXiv",
      primaryClass   = "hep-ex",
      reportNumber   = "CMS-HIG-12-028, CERN-PH-EP-2012-220",
      SLACcitation   = "%%CITATION = ARXIV:1207.7235;%%"
}


@article{Chatrchyan:2008aa,
      author         = "Chatrchyan, S. and others",
      title          = "{The CMS Experiment at the CERN LHC}",
      collaboration  = "CMS",
      journal        = "JINST",
      volume         = "3",
      year           = "2008",
      pages          = "S08004",
      doi            = "10.1088/1748-0221/3/08/S08004",
      SLACcitation   = "%%CITATION = JINST,3,S08004;%%"
}


@article{collaborations2019report,
  title={Report on the Physics at the $\MakeUppercase{HL-LHC}$ and Perspectives for the $\MakeUppercase{HE-LHC}$},
  author={Collaborations, CMS and others},
  journal={arXiv preprint arXiv:1902.10229},
  year={2019}
}

@article{farina2013lifting,
  title={Lifting degeneracies in Higgs couplings using single top production in association with a Higgs boson},
  author={Farina, Marco and Grojean, Christophe and Maltoni, Fabio and Salvioni, Ennio and Thamm, Andrea},
  journal={Journal of High Energy Physics},
  volume={2013},
  number={5},
  pages={22},
  year={2013},
  publisher={Springer}
}


@article{agostinelli2003geant4,
  title={$\MakeUppercase{GEANT4â€”a}$ simulation toolkit},
  author={Agostinelli, Sea and Allison, John and Amako, K al and Apostolakis, John and Araujo, H and Arce, P and Asai, M and Axen, D and Banerjee, S and Barrand, G and others},
  journal={Nuclear instruments and methods in physics research section A: Accelerators, Spectrometers, Detectors and Associated Equipment},
  volume={506},
  number={3},
  pages={250--303},
  year={2003},
  publisher={Elsevier}
}

@article{alwall2014automated,
  title={The automated computation of tree-level and next-to-leading order differential cross sections, and their matching to parton shower simulations},
  author={Alwall, Johan and Frederix, R and Frixione, S and Hirschi, V and Maltoni, Fabio and Mattelaer, Olivier and Shao, H-S and Stelzer, T and Torrielli, P and Zaro, M},
  journal={Journal of High Energy Physics},
  volume={2014},
  number={7},
  pages={79},
  year={2014},
  publisher={Springer}
}

@article{Bayatian:2006nff,
      author         = "Bayatian, G. L. and others",
      title          = "{CMS Physics}",
      collaboration  = "CMS",
      year           = "2006",
      reportNumber   = "CERN-LHCC-2006-001, CMS-TDR-8-1",
      SLACcitation   = "%%CITATION = CERN-LHCC-2006-001;%%"
}



@article{sirunyan2019search,
  title={Search for associated production of a Higgs boson and a single top quark in proton-proton collisions at s= 13 $\MakeUppercase{T}$e$\MakeUppercase{V}$},
  author={Sirunyan, Albert M and Tumasyan, Armen and Adam, Wolfgang and Ambrogi, Federico and Asilar, Ece and Bergauer, Thomas and Brandstetter, Johannes and Dragicevic, Marko and Er{\"o}, Janos and Del Valle, A Escalante and others},
  journal={Physical Review D},
  volume={99},
  number={9},
  pages={092005},
  year={2019},
  publisher={APS}
}

@article{brun2003root,
  title={The ROOT Users Guide},
  author={Brun, Ren{\'e} and Rademakers, Fons and Panacek, Suzanne and Antcheva, Ilka and Buskulic, Damir},
  journal={CERN, http://root. cern. ch},
  year={2003}
}

@techreport{hoecker2007tmva,
  title={$\MakeUppercase{TMVA}$ - $\MakeUppercase{T}$oolkit for Multivariate Data Analysis with ROOT: Users guide},
  author={Hoecker, Andreas and Voss, K and Voss, H and Krasznahorkay, A and Christov, A and Henrot-Versill{\'e}, S and Mahalalel, Y and Stelzer, J and Speckmayer, P and Jachowski, M and others},
  year={2007}
}

@misc{verkerke2008roofit,
  title={Roo$\MakeUppercase{F}$it users manual v2. 91},
  author={Verkerke, W and Kirkby, D},
  year={2008}
}

@article{HTCondor,
   title={$\MakeUppercase{HT}$ $\MakeUppercase{C}$ondor, $\MakeUppercase{H}$igh $\MakeUppercase{T}$hroughput Computing users manual},
   author={https://research.cs.wisc.edu/htcondor/},
   year={2019}
}

@article{Tanabashi:2018oca,
      author         = "Tanabashi, M. and others",
      title          = "{Review of Particle Physics}",
      collaboration  = "Particle Data Group",
      journal        = "Phys. Rev.",
      volume         = "D98",
      year           = "2018",
      number         = "3",
      pages          = "030001",
      doi            = "10.1103/PhysRevD.98.030001",
      SLACcitation   = "%%CITATION = PHRVA,D98,030001;%%"
}

@article{Khachatryan:2015ota,
      author         = "Khachatryan, Vardan and others",
      title          = "{Search for the associated production of a Higgs boson
                        with a single top quark in proton-proton collisions at $
                        \sqrt{s}=8 $ TeV}",
      collaboration  = "CMS",
      journal        = "JHEP",
      volume         = "06",
      year           = "2016",
      pages          = "177",
      doi            = "10.1007/JHEP06(2016)177",
      eprint         = "1509.08159",
      archivePrefix  = "arXiv",
      primaryClass   = "hep-ex",
      reportNumber   = "CMS-HIG-14-027, CERN-PH-EP-2015-255",
      SLACcitation   = "%%CITATION = ARXIV:1509.08159;%%"
}

@article{Sirunyan:2018ygk,
      author         = "Sirunyan, Albert M and others",
      title          = "{Search for $\mathrm{t}\overline{\mathrm{t}}$H production
                        in the all-jet final state in proton-proton collisions at
                        $\sqrt{s}=$ 13 TeV}",
      collaboration  = "CMS",
      journal        = "JHEP",
      volume         = "06",
      year           = "2018",
      pages          = "101",
      doi            = "10.1007/JHEP06(2018)101",
      eprint         = "1803.06986",
      archivePrefix  = "arXiv",
      primaryClass   = "hep-ex",
      reportNumber   = "CMS-HIG-17-022, CERN-EP-2018-038",
      SLACcitation   = "%%CITATION = ARXIV:1803.06986;%%"
}

@article{Sirunyan:2018lzm,
      author         = "Sirunyan, Albert M and others",
      title          = "{Search for associated production of a Higgs boson and a
                        single top quark in proton-proton collisions at $\sqrt{s}
                        =$  TeV}",
      collaboration  = "CMS",
      journal        = "Phys. Rev.",
      volume         = "D99",
      year           = "2019",
      number         = "9",
      pages          = "092005",
      doi            = "10.1103/PhysRevD.99.092005",
      eprint         = "1811.09696",
      archivePrefix  = "arXiv",
      primaryClass   = "hep-ex",
      reportNumber   = "CMS-HIG-18-009, CERN-EP-2018-305",
      SLACcitation   = "%%CITATION = ARXIV:1811.09696;%%"
}


@book{Bayatian:922757,
      author        = "Bayatian et.al",
      title         = "{CMS Physics: Technical Design Report Volume 1: Detector
                       Performance and Software}",
      publisher     = "CERN",
      collaboration = "CMS Collaboration",
      address       = "Geneva",
      series        = "Technical Design Report CMS",
      year          = "2006",
      reportNumber  = "CERN-LHCC-2006-001",
      url           = "http://cds.cern.ch/record/922757",
      note          = "There is an error on cover due to a technical problem for
   

@article{Khachatryan:2016vau,
      author         = "Aad, Georges and others",
      title          = "{Measurements of the Higgs boson production and decay
                        rates and constraints on its couplings from a combined
                        ATLAS and CMS analysis of the LHC pp collision data at $
                        \sqrt{s}=7 $ and 8 TeV}",
      collaboration  = "ATLAS, CMS",
      journal        = "JHEP",
      volume         = "08",
      year           = "2016",
      pages          = "045",
      doi            = "10.1007/JHEP08(2016)045",
      eprint         = "1606.02266",
      archivePrefix  = "arXiv",
      primaryClass   = "hep-ex",
      reportNumber   = "CERN-EP-2016-100, ATLAS-HIGG-2015-07, CMS-HIG-15-002",
      SLACcitation   = "%%CITATION = ARXIV:1606.02266;%%"
}




