@article{article,
author = {Moll√©n, Albert and Erlandsson, R},
year = {2010},
month = {01},
pages = {},
title = {Investigation of Ageing effects and Image stability in Hybrid Photon Pixel detectors at the LHCb experiment CERN}
}