@article{article,
author = {Choudhury, Somnath},
year = {2015},
month = {03},
pages = {05002},
title = {Measurements of the Higgs Boson at the LHC and Tevatron},
volume = {90},
journal = {EPJ Web of Conferences},
doi = {10.1051/epjconf/20159005002}
}